@article{kopka1995guide,
  title={A Guide to $\{$$\backslash$LaTeX$\}$--Document},
  author={Kopka, H and Daly, PW},
  year={1995},
  publisher={Citeseer}
}

@book{DBLP:books/sp/Gliwa21,
  author    = {Peter Gliwa},
  title     = {Embedded Software Timing - Methodology, Analysis and Practical Tips
               with a Focus on Automotive},
  publisher = {Springer},
  year      = {2021},
  url       = {https://doi.org/10.1007/978-3-030-64144-3},
  doi       = {10.1007/978-3-030-64144-3},
  isbn      = {978-3-030-64143-6},
  timestamp = {Mon, 15 Feb 2021 14:03:39 +0100},
  biburl    = {https://dblp.org/rec/books/sp/Gliwa21.bib},
  bibsource = {dblp computer science bibliography, https://dblp.org}
}